3404 5144
805 504 1017 566 ..20-

385 688 461 750 emti
494 697 657 773 praestare
691 691 946 778 compelleretur,
977 694 1034 758 sed
1057 705 1164 758 tamen
1187 705 1367 782 propter
1404 696 1484 762 illa

324 799 334 810 ““
383 799 530 863 verba:
564 823 821 888 vacuamque
850 805 1167 888 possessionem
1204 807 1336 890 tradi,
1371 819 1477 893 potest

383 909 451 973 dici·
472 921 581 996 partus
604 935 731 998 quoque
753 916 910 980 rationem
933 918 1089 980 committi
1111 919 1226 982 incerti
1260 919 1476 1004 stipulatione.

428 1021 552 1106 (Ueber
586 1023 644 1087 das
667 1024 871 1090 Verh'altniss
904 1049 967 1090 von
1000 1029 1020 1092 6
1054 1029 1120 1093 und
1144 1009 1251 1114 Tvgl.
1275 1040 1374 1096 unten
1405 1038 1434 1114 ξ.
1450 1033 1479 1096 .3

341 1133 398 1197 das
421 1134 575 1222 Nahere.)

470 1247 500 1311 8.
523 1247 561 1313 L.
585 1247 627 1312 48
650 1248 692 1311 D.
716 1248 757 1313 de
779 1272 808 1312 a.
832 1272 857 1313 c.
882 1273 913 1316 v.
946 1249 1194 1339 (Scaevola.)
1227 1253 1350 1336 Titius,
1385 1253 1479 1320 heres

384 1358 566 1444 Sempronii
586 1359 720 1424 fundum
737 1360 878 1446 Septicio
901 1361 1047 1426 vendidit
1069 1363 1130 1425 ita:
1153 1363 1271 1428 fundus
1295 1364 1478 1451 Semproni-

382 1494 480 1554 anus,
515 1471 672 1558 quidquid
696 1471 878 1558 Sempronii
894 1473 980 1559 juris
1003 1473 1080 1556 fuit,
1116 1477 1177 1538 erit
1206 1475 1266 1539 tibi
1297 1486 1400 1541 emtus
1431 1487 1478 1541 tot

382 1585 539 1647 nummis:
572 1605 830 1669 vacuamque,
851 1587 1167 1670 possessionem
1189 1586 1339 1671 tradidit,
1374 1611 1478 1673 neque

382 1695 462 1758 fines
486 1697 554 1782 ejus
577 1695 817 1760 demonstravit.

426 1804 519 1891 (Vae.
532 1829 617 1892 poss.
630 1806 762 1872 traditio
777 1807 867 1870 kann
877 1806 957 1890 hier,
980 1807 1054 1872 weil
1077 1831 1111 1872 es
1134 1809 1204 1873 sich
1215 1832 1271 1874 um
1282 1811 1335 1874 ein
1347 1809 1474 1875 Grund-

338 1917 433 1980 str'ick
465 1940 529 1981 von
560 1920 759 2002 ungewisser
779 1917 997 2004 Begrenzung
1026 1919 1167 2001 handelt,
1202 1920 1292 1985 nicht
1313 1921 1399 1986 wohl
1421 1922 1475 1986 die

337 2028 541 2114 kerperliche
563 2028 756 2114 Uebergabe
778 2029 963 2115 bedenten.)

466 2140 496 2204 9.
519 2141 557 2204 L.
584 2141 623 2204 18
646 2141 786 2224 §.2ss
810 2141 850 2205 de
876 2164 962 2227 poss.
1009 2141 1202 2230 (Celsus.)
1236 2181 1280 2190 —
1308 2181 1344 2191 -
1379 2145 1407 2206 si
1427 2145 1472 2206 vi-

379 2253 487 2316 oinum
509 2252 588 2317 mihi
610 2252 744 2318 fundum
767 2253 943 2317 mercatum
966 2254 1116 2318 venditor
1143 2255 1177 2317 in
1199 2277 1272 2322 mea
1297 2263 1389 2318 turre
1420 2254 1472 2319 de·
1508 2317 1511 2322 .

378 2373 543 2447 monstret,
566 2387 822 2450 vacuamque
845 2366 1219 2451 sepossessionem
1237 2365 1364 2429 tradere
1376 2365 1472 2430 dicat.

422 2476 518 2563 (Hier
540 2475 600 2540 soll
622 2477 750 2562 gezeigt
771 2477 912 2559 werden,
937 2479 998 2540 wie
1019 2499 1155 2541 vacuam
1178 2479 1469 2562 possessionis-tra-

334 2585 414 2651 ditio
443 2587 511 2652 und
539 2587 743 2672 kdrperliohe
772 2581 966 2671 Uebergabe
999 2589 1034 2652 in
1067 2588 1162 2666 einen
1194 2587 1262 2652 und
1295 2587 1472 2652 denselben

333 2697 477 2763 Moment
498 2699 782 2763 zusammenfallen
804 2699 961 2785 konnen.)

464 2811 514 2875 10.
537 2811 576 2874 L.
599 2811 642 2874 33
664 2811 706 2874 D.
730 2811 801 2874 eod.
826 2811 986 2898 (Pomp.)
1010 2809 1117 2872 Fundi
1140 2809 1299 2891 venditor,
1323 2811 1420 2872 etiam
1443 2811 1471 2872 si

375 2922 576 2986 mandaverit
588 2922 693 3005 alicui,
711 2931 745 2986 ut
758 2931 911 2986 amtorem
927 2923 960 2984 in
974 2943 1138 2985 vacuam
1162 2921 1471 3005 possessionem

374 3033 554 3096 induceret:
576 3034 762 3119 priusquam
796 3033 831 3096 id
863 3034 955 3097 fieret
976 3053 1041 3094 non
1064 3041 1150 3094 reete
1174 3040 1276 3095 emtor
1296 3053 1356 3118 per
1379 3055 1413 3096 se
1436 3034 1470 3096 in

373 3145 609 3230 possessionem
630 3146 747 3208 veniet.

469 3275 471 3280 ·
589 3255 765 3341 (Hieriiber
779 3266 876 3319 unten
898 3255 962 3337 §.5
985 3255 1209 3341 ausfiihrlioh.)

461 3369 511 3432 ll.
536 3366 571 3432 O.
588 3368 628 3431 12
652 3365 688 3430 O.
713 3367 753 3430 de
765 3376 848 3432 cont.
861 3377 934 3431 emt.
959 3366 1108 3454 (Diool.
1131 3368 1159 3430 da
1180 3367 1359 3452 Maxim.)
1392 3367 1465 3430 Non

371 3478 476 3543 idcioo
507 3481 603 3544 emtio
626 3480 731 3542 minus
752 3478 897 3564 perfecta
919 3489 976 3560 est,
1000 3477 1087 3563 quod
1109 3487 1212 3542 emtor
1240 3477 1465 3562 fidejussorem

371 3613 436 3653 non
458 3591 583 3676 accepit
604 3590 657 3655 vel
679 3592 891 3654 instrumenta
918 3591 1096 3654 testationis
1120 3611 1277 3652 vacuae
1304 3611 1464 3676 posses·

372 3702 471 3766 sionis
495 3704 648 3766 omissum
671 3713 719 3768 est
742 3712 802 3767 eto.

459 3815 507 3878 12.
532 3813 569 3878 O.
593 3815 613 3882 2
637 3813 673 3878 O.
691 3815 731 3879 de
746 3837 832 3900 poss.
858 3811 1140 3900 (Alexander.)
1164 3813 1273 3876 Minus
1288 3813 1463 3890 instructus

368 3935 426 4008 est,
461 3928 517 4011 qui
539 3935 571 3990 te
594 3927 767 3990 sollicitum
789 3925 948 4006 reddidit,
981 3926 1074 4010 quasi
1106 3925 1141 3987 in
1172 3945 1343 3987 vacuam
1376 3945 1463 4008 pos-

368 4039 599 4102 sessionem
624 4040 702 4124 ejus‚
727 4037 814 4123 quod
836 4061 895 4123 per
916 4045 1156 4123 procuratorem
1179 4035 1294 4114 emisti,
1329 4057 1394 4098 non
1417 4036 1462 4098 sis

365 4149 556 4231 instructus,
588 4171 686 4234 quum
708 4149 778 4235 ipse
799 4171 961 4234 proponas
983 4158 1015 4213 te
1038 4147 1093 4210 diu
1115 4149 1150 4210 in
1166 4148 1370 4231 possessione
1393 4147 1463 4232 ejus

302 4333 307 4342 ,
367 4260 483 4342 fuisse,
516 4261 686 4346 omniaque
708 4271 744 4324 ut
766 4261 931 4324 dominum
954 4262 1086 4344 gesisse.
1120 4258 1213 4323 Licet
1236 4259 1321 4321 enim
1344 4260 1461 4322 instru-

369 4381 476 4435 mento
489 4395 553 4436 non
566 4373 607 4435 sit
627 4372 902 4457 comprehensum,
926 4370 1013 4457 quod
1034 4369 1095 4433 tibi
1116 4369 1278 4433 tradita
1300 4370 1356 4431 sit
1376 4391 1462 4454 pos-
