3404 5144
704 503 918 568 ..19-

371 696 400 760 2.
423 696 462 760 L.
486 695 529 759 34
551 717 598 780 pr.
623 693 663 756 D.
688 693 728 757 de
751 716 834 777 poss.
867 692 990 780 (Ulp.)
1022 692 1057 759 Si
1080 718 1131 759 me
1154 696 1187 758 in
1211 717 1383 759 vacuam

287 809 603 895 possessionem
626 804 717 870 fundi
730 804 917 870 Corneliani
939 807 1075 887 miseris,
1099 828 1159 890 ego
1175 817 1320 892 putarem
1333 830 1384 870 me

287 921 322 984 in
345 919 612 1005 Sempronianum
634 919 778 999 missum,
802 925 833 980 et
854 918 889 980 in
907 915 1136 981 Cornelianum
1152 919 1230 1000 iero,
1252 941 1316 982 non
1329 918 1383 982 ad·

288 1031 414 1118 quiram
437 1029 683 1116 possessionem.

404 1140 529 1228 (Ueber
552 1139 640 1204 diese
660 1137 759 1205 Stelle
781 1147 879 1203 unten
902 1143 932 1222 ξ.
956 1139 976 1204 8
999 1139 1223 1226 ausfuhrlieh.)

375 1255 406 1317 3.
441 1252 479 1316 L.
511 1251 552 1316 68
585 1256 603 1332 ξ
637 1251 657 1314 2
687 1251 729 1314 Ι).
762 1250 803 1314 de
826 1273 853 1314 o.
878 1273 905 1315 e.
952 1251 1204 1339 (Proculus.)
1250 1253 1318 1316 Neo
1341 1255 1387 1316 vi-

289 1364 384 1428 detur
408 1363 530 1450 (dolus)
554 1362 677 1444 abesse,
702 1363 730 1426 si
752 1385 811 1448 per
833 1385 907 1426 eum
930 1361 1160 1451 (venditorem)
1184 1363 1304 1427 fae'tum
1329 1375 1386 1447 est,

289 1485 344 1540 aut
366 1477 431 1558 fiet,
467 1475 637 1560 quominus
672 1484 774 1538 emtor
803 1473 939 1538 fundum
962 1474 1137 1559 possideat3
1162 1476 1223 1540 erit
1245 1498 1321 1560 ergo
1345 1499 1388 1540 ex

290 1597 375 1651 emto
398 1587 492 1669 aetio,
528 1608 594 1650 non
627 1595 662 1651 ut
685 1585 834 1650 venditor
866 1609 1038 1668 vacuam
1072 1589 1388 1672 possessionem

290 1697 415 1780 tradat,
460 1720 534 1762 cum
564 1696 674 1761 multis
708 1697 822 1761 modus
855 1697 1004 1761 accidere
1036 1699 1154 1782 poterit
1187 1721 1228 1762 ne
1263 1698 1389 1762 tradere

291 1811 403 1895 possit,
428 1809 486 1873 sed
498 1817 534 1873 ut
556 1810 585 1872 si
608 1809 686 1894 quid
709 1808 783 1873 dolo
795 1808 879 1872 malo
893 1808 978 1890 fecit,
1001 1819 1056 1872 aut
1071 1809 1157 1890 facit,
1181 1809 1274 1874 dolus
1286 1809 1390 1873 malus
1510 1844 1514 1851 ·

291 1922 361 2008 ejus
384 1921 616 1984 aestimaretur.
641 1918 729 2006 (Vgl.
752 1921 811 1982 mit
832 1919 871 1982 L.
897 1919 934 1982 ll
960 1923 990 2001 ξ.
1014 1920 1034 1982 2
1057 1920 1099 1983 D.
1123 1920 1164 1984 de
1186 1943 1215 1984 a
1239 1943 1266 1987 e.
1290 1922 1336 2008 v.)

377 2033 408 2096 4.
432 2033 468 2095 L.
482 2030 522 2095 78
546 2031 607 2112 §.l
631 2031 674 2094 D.
699 2030 769 2097 eod.
794 2029 973 2117 (Labeo.)
997 2030 1148 2094 Fundum
1160 2031 1201 2095 ab
1217 2055 1255 2096 eo
1273 2034 1389 2115 emisti,

293 2145 384 2230 eujus
397 2143 456 2208 filii
467 2141 600 2207 tutelam
617 2142 856 2224 administram,
879 2165 956 2206 ner.
978 2165 1150 2207 vacuam
1174 2142 1389 2230 (soMomm-

292 2277 360 2320 sen.
380 2255 522 2319 Florent.
536 2252 754 2340 nequaquam)
778 2254 931 2339 accepisti
949 2255 1195 2338 possessionem.
1224 2255 1306 2318 Dixi
1328 2267 1389 2320 tra-

295 2367 373 2432 dere
384 2375 415 2430 te
427 2365 487 2430 tibi
498 2366 736 2450 possessionem
758 2364 820 2428 hoc
842 2365 937 2429 modo
950 2387 1055 2450 posse,
1078 2374 1114 2429 ut
1129 2366 1269 2451 pupillus
1292 2376 1324 2430 et
1346 2367 1390 2430 fa-

291 2477 382 2542 milia
404 2479 473 2564 ejus
496 2475 631 2541 decedat
653 2476 694 2540 de
716 2475 831 2559 fundo,
863 2486 939 2540 tune
970 2475 1099 2540 demum
1128 2485 1164 2540 tu
1197 2476 1390 2562 ingrediaris

292 2590 539 2675 possessionem.
572 2589 686 2675 (Ware
709 2610 811 2652 vaoua
833 2589 994 2672 possessio
1017 2587 1117 2652 sehon
1140 2587 1193 2652 bei
1215 2588 1392 2653 Lebzeiten

293 2701 350 2765 des
363 2699 563 2765 Verkttufers
586 2700 710 2780 tradirt,
735 2721 770 2764 so
792 2699 904 2762 wurde
927 2721 961 2762 es
978 2700 1067 2763 einer
1086 2699 1392 2765 soumst'andliehen

293 2810 528 2897 Manipulation
551 2810 642 2874 nieht
664 2809 847 2897 bedtufen.)

381 2922 771 3006 strennuos.
796 2944 876 2985 ev.
909 2921 1109 3006 (Paulus.)
1140 2921 1282 2987 Vacua
1303 2946 1391 3008 pos·

295 3035 435 3099 sessio
459 3035 573 3098 emtori
595 3033 714 3098 tradita
735 3056 800 3098 non
821 3033 1022 3118 intelligitur,
1047 3035 1074 3096 si
1097 3033 1178 3097 alius
1201 3035 1235 3097 in
1253 3056 1292 3098 ea
1307 3034 1391 3120 lega-

294 3156 401 3212 torum
434 3146 796 3211 fideiveeommissorum
819 3170 916 3211 eausa
937 3149 971 3210 in
993 3150 1230 3234 possessionem
1252 3157 1310 3228 est,
1339 3157 1394 3211 aut

294 3257 470 3322 creditores
500 3257 586 3322 bona
607 3258 802 3343 possideant.
849 3259 961 3346 (Trotz
984 3259 1178 3344 Uebergabe
1209 3261 1267 3325 der
1290 3259 1394 3324 Saohe
1424 3309 1429 3320 .

296 3370 339 3433 ist
361 3369 429 3433 also
453 3369 655 3453 keineswegs
678 3371 793 3434 immor
814 3393 884 3434 vae.
909 3394 991 3457 poss.
1014 3371 1121 3434 tradit.
1146 3372 1178 3436 S.
1203 3373 1326 3460 unten.)

383 3481 413 3544 6.
437 3480 475 3544 L.
499 3481 519 3545 3
543 3487 573 3563 ξ.
598 3483 615 3544 1
640 3481 682 3544 D.
706 3481 776 3547 eod.
812 3483 975 3570 (Pomp.)
1021 3483 1075 3547 Sie
1098 3493 1200 3547 emtor
1222 3507 1394 3548 vacuam

296 3594 616 3678 possessionem
639 3593 751 3656 tradi
774 3594 944 3679 stipulatus
964 3595 1015 3676 sit,
1039 3603 1070 3658 et
1089 3617 1132 3658 ex
1144 3595 1296 3680 stipulatu
1307 3605 1393 3680 agat,

295 3705 421 3768 fruetus
444 3725 508 3767 non
530 3704 662 3767 venient
683 3705 718 3767 in
740 3727 812 3768 earn
834 3707 1009 3770 actionem:
1033 3707 1109 3792 quia
1130 3716 1163 3772 et
1186 3709 1239 3792 qui
1257 3707 1393 3771 fundum

297 3815 368 3879 dari
410 3813 600 3899 stipulatur,
650 3837 826 3880 vacuam
861 3839 1026 3902 quoque
1069 3820 1392 3903 possessionem

298 3926 411 3990 tradi
434 3936 581 4012 oportere
604 3927 750 4012 stipulari
772 3927 972 4012 intelligitur.
1017 3929 1092 4014 Vgl.
1116 3932 1187 3994 mit:

386 4038 415 4101 7.
438 4038 521 4103 L.4
550 4061 598 4123 pr.
620 4039 662 4102 D.
696 4039 737 4103 de
770 4062 855 4106 usur.
895 4041 1064 4128 (Papin.)
1090 4092 1196 4109 ......
1230 4066 1341 4106 verum
1366 4046 1393 4107 si

300 4159 403 4214 emtor
425 4172 445 4212 a
466 4149 634 4214 venditore
661 4151 804 4216 novandi
831 4154 937 4216 animo
960 4155 1006 4216 ita
1039 4155 1082 4240 (v.
1107 4177 1135 4238 p.
1166 4156 1262 4241 trad.)
1296 4158 1393 4240 stipu-

300 4261 383 4325 latus
407 4272 464 4345 est,
495 4262 616 4327 factum
637 4264 786 4328 tradendi
809 4264 978 4350 stipulatus
1002 4266 1201 4351 intelligitur,
1231 4269 1307 4353 quia
1329 4291 1394 4331 non

302 4383 350 4436 est
373 4373 558 4456 verisimile,
591 4374 664 4459 plus
698 4375 900 4440 venditorem
923 4379 1119 4461 promisisse,
1155 4401 1250 4463 quam
1268 4379 1393 4464 judicio

1148 4481 1188 4543 2*
